@Misc{Dahlback93,
  author =	 {Nils Dahlbäck and Arne Jönsson and Lars Ahrenberg},
  title =	 "{Wizard of Oz studies -- why and how}",
  howpublished = {Workshop on intelligent user interfaces, Orlando,
                  FL},
  year =	 1993,
  note =	 {Available at {\it
                  http://citeseer.nj.nec.com/45570.html}}
}

@article{05489218,
	author = {Yee Yong Pang and Nor Azman Ismail and Phuah Leong Siang Gilbert},
	title = {A Real Time Vision-Based Hand Gesture Interaction},
	journal ={Asia International Conference on Modelling \& Simulation},
	volume = {0},
	isbn = {978-0-7695-4062-7},
	year = {2010},
	pages = {237-242},
	doi = {http://doi.ieeecomputersociety.org/10.1109/AMS.2010.55},
	publisher = {IEEE Computer Society},
	address = {Los Alamitos, CA, USA},}

@article{06290794,
    author    = {Francesca Cordella and Francesco Di Corato and Loredana Zollo and Bruno Siciliano and Patrick van der Smagt},
    title     = {Patient Performance Evaluation Using Kinect and Monte Carlo-Based Finger Tracking},
    journal   = {4th IEEE RAS/EMBS International Conference on Biomedical Robotics and Biomechatronics},
    pages    = {1967-1972},
    year      = {2012},
    month    = {June},
}

@book{20043dui,
author={Bowman, Doug A. and Kruijff, Ernst and LaViola, Joseph J. and Poupyrev, Ivan}, 
title={3D User Interfaces : Theory and Practice}, 
publisher={Addison-Wesley}, 
address={Boston}, 
year={2004}, 
ISBN={0-201-75867-9 (hardbound : alk. paper)}, 
keywords={Gr{\"a}nssnitt -- datorer och databehandling Visualisering -- datorgrafik}, 
}

@misc{website:ne:tangentbord,
  title = {{ Nationalencyklopedin Tangentbord.}},
  howpublished = {http://www.ne.se/lang/tangentbord},
  note = {Swedish encyclopedia online, describing the keyboard. Accessed: 5 May 2014}
}

@misc{website:ne:hand,
  title = {{Nationalencyklopedin hand.}},
  author = {G{\"o}ran Lundborg},
  howpublished = {http://www.ne.se/lang/hand},
  note = {Swedish encyclopedia online, describing the human hand. Accessed: 12 May 2014}
}

@misc{website:ne:frihetsgrader,
  title = {{ Nationalencyklopedin Frihetsgrader.}},
  howpublished = {http://www.ne.se/lang/frihetsgrader-(2)},
  note = {Swedish encyclopedia online, describing the degrees of freedom. Accessed: 6 May 2014}
}

@misc{website:ne:acceleration,
  title = {{ Nationalencyklopedin Accelerometer.}},
  howpublished = {http://www.ne.se/lang/accelerometer},
  note = {Swedish encyclopedia online, describing accelerometer. Accessed: 6 May 2014}
}

@misc{web:fleksy,
  title = {Fleksy},
  howpublished = {http://fleksy.com},
  note = {Website for the fleksy keyboard, a software keyboard developed for inter alia the Leap Motion controller. Accessed: 7 May 2014}
}

@misc{web:asetniop,
  title = {ASETNIOP},
  howpublished = {http://www.asetniop.com},
  note = {Website for the keyboard method ASETNIOP, a chord method with ten input points. Accessed: 7 May 2014}
}

@misc{web:dextype,
  title = {DexType},
  howpublished = {http://www.dextype.com},
  note = {Website for the dextype keyboard, a piano like keyboard developed for the Leap Motion controller . Accessed: 8 May 2014}

}


@phdthesis{Sturman1992,
 author = {Sturman, David Joel},
 title = {Whole-hand Input},
 year = {1992},
 school = {Massachusetts Institute of Technology},
 address = {Cambridge, MA, USA},
} 

@article{p6-norman,
 author = {Norman, Donald A.},
 title = {Natural User Interfaces Are Not Natural},
 journal = {interactions},
 issue_date = {May + June 2010},
 volume = {17},
 number = {3},
 month = may,
 year = {2010},
 issn = {1072-5520},
 pages = {6--10},
 numpages = {5},
 url = {http://doi.acm.org/10.1145/1744161.1744163},
 doi = {10.1145/1744161.1744163},
 acmid = {1744163},
 publisher = {ACM},
 address = {New York, NY, USA},
}

@inproceedings{rhgrwks,
 author = {Ren, Zhou and Meng, Jingjing and Yuan, Junsong and Zhang, Zhengyou},
 title = {Robust Hand Gesture Recognition with Kinect Sensor},
 booktitle = {Proceedings of the 19th ACM International Conference on Multimedia},
 series = {MM '11},
 year = {2011},
 isbn = {978-1-4503-0616-4},
 location = {Scottsdale, Arizona, USA},
 pages = {759--760},
 numpages = {2},
 url = {http://doi.acm.org/10.1145/2072298.2072443},
 doi = {10.1145/2072298.2072443},
 acmid = {2072443},
 publisher = {ACM},
 address = {New York, NY, USA},
 keywords = {finger-earth mover's distance, hand gesture recognition, human-computer-interaction, kinect sensor},
} 

@article{06470686,
  added-at = {2013-07-28T00:00:00.000+0200},
  author = {Ren, Zhou and Yuan, Junsong and Meng, Jingjing and Zhang, Zhengyou},
  biburl = {http://www.bibsonomy.org/bibtex/25259d6505f0f2c98bacab9cc047d42f1/dblp},
  ee = {http://dx.doi.org/10.1109/TMM.2013.2246148},
  interhash = {1a08b6df779cc296b378f984acd31eb9},
  intrahash = {5259d6505f0f2c98bacab9cc047d42f1},
  journal = {IEEE Transactions on Multimedia},
  keywords = {dblp},
  number = 5,
  pages = {1110-1120},
  timestamp = {2013-07-28T00:00:00.000+0200},
  title = {Robust Part-Based Hand Gesture Recognition Using Kinect Sensor.},
  url = {http://dblp.uni-trier.de/db/journals/tmm/tmm15.html#RenYMZ13},
  volume = 15,
  year = 2013
}

@article{sturmanASoG,
 author = {Sturman, David J. and Zeltzer, David},
 title = {A Survey of Glove-based Input},
 journal = {IEEE Comput. Graph. Appl.},
 issue_date = {January 1994},
 volume = {14},
 number = {1},
 month = jan,
 year = {1994},
 issn = {0272-1716},
 pages = {30--39},
 numpages = {10},
 url = {http://dx.doi.org/10.1109/38.250916},
 doi = {10.1109/38.250916},
 acmid = {182233},
 publisher = {IEEE Computer Society Press},
 address = {Los Alamitos, CA, USA},
}

@book{li2012hand,
  title={Hand Gesture Recognition Using Kinect},
  author={Li, Y.},
  url={http://books.google.se/books?id=lZ0znQEACAAJ},
  year={2012},
  publisher={University of Louisville}
}

@mastersthesis{out,
    author    = {Yi Li},
    title     = {Hand Gesture Recognition Using Kinect},
    school    = {University of Louisville},
    address   = {Lousville, Kentucky, USA},
    year      = {2012}
}

@inproceedings{paper,
  added-at = {2011-06-06T00:00:00.000+0200},
  author = {Du, Huan and Oggier, Thierry and Lustenberger, Felix and Charbon, Edoardo},
  biburl = {http://www.bibsonomy.org/bibtex/2cf2fa3c9a62cafd1e053317bf643d306/dblp},
  booktitle = {BMVC},
  crossref = {conf/bmvc/2005},
  editor = {Clocksin, William F. and Fitzgibbon, Andrew W. and Torr, Philip H. S.},
  ee = {http://www.bmva.org/bmvc/2005/papers/paper-57-151.html},
  interhash = {a080d6c20877ad56b9516dbe91c6508c},
  intrahash = {cf2fa3c9a62cafd1e053317bf643d306},
  isbn = {1-901725-29-4},
  keywords = {dblp},
  publisher = {British Machine Vision Association},
  timestamp = {2011-06-06T00:00:00.000+0200},
  title = {A Virtual Keyboard Based on True-3D Optical Ranging.},
  url = {http://dblp.uni-trier.de/db/conf/bmvc/bmvc2005.html#DuOLC05},
  year = 2005
}

@inproceedings{p36-herndon,
  added-at = {2006-02-10T00:00:00.000+0100},
  author = {van Dam, Andries and Herndon, Kenneth P. and Gleicher, Michael},
  biburl = {http://www.bibsonomy.org/bibtex/209b60969e07dc71d0de143ef3dab4aa7/dblp},
  booktitle = {CHI Conference Companion},
  crossref = {conf/chi/1994c},
  date = {2006-02-10},
  description = {dblp},
  editor = {Plaisant, Catherine},
  ee = {http://doi.acm.org/10.1145/259963.260500},
  interhash = {0a3b6145aa86e8150ebfc8beddc986d8},
  intrahash = {09b60969e07dc71d0de143ef3dab4aa7},
  isbn = {0-89791-651-4},
  keywords = {dblp},
  pages = 469,
  publisher = {ACM},
  timestamp = {2006-02-10T00:00:00.000+0100},
  title = {The challenges of 3D interaction.},
  url = {http://dblp.uni-trier.de/db/conf/chi/chi1994c.html#DamHG94},
  year = 1994
}

@inbook{chp3A10,
title = "Selection-based mid-air text entry on large displays",
publisher = "Springer",
author = "Anders Markussen and Jakobsen, {Mikkel R{\o}nne} and Hornb{\ae}k, {Kasper Anders S{\o}ren}",
year = "2013",
doi = "10.1007/978-3-642-40483-2_28",
editor = "Paula Kotzé and Gary Marsden and Gitte Lindgaard and Janet Wesson and Marco Winckler",
isbn = "978-3-642-40482-5",
series = "Lecture Notes in Computer Science",
pages = "401-418",
booktitle = "Human-Computer Interaction – INTERACT 2013",
}

@inproceedings{p2473-ni,
  added-at = {2011-05-11T00:00:00.000+0200},
  author = {Ni, Tao and Bowman, Doug A. and North, Chris},
  biburl = {http://www.bibsonomy.org/bibtex/203b28e2e7f79ffecab52700919f8ad2a/dblp},
  booktitle = {CHI},
  crossref = {conf/chi/2011},
  editor = {Tan, Desney S. and Amershi, Saleema and Begole, Bo and Kellogg, Wendy A. and Tungare, Manas},
  ee = {http://doi.acm.org/10.1145/1978942.1979303},
  interhash = {967ab9487d519f1771d8f01c3d0bd36e},
  intrahash = {03b28e2e7f79ffecab52700919f8ad2a},
  isbn = {978-1-4503-0228-9},
  keywords = {dblp},
  pages = {2473-2476},
  publisher = {ACM},
  timestamp = {2011-05-11T00:00:00.000+0200},
  title = {AirStroke: bringing unistroke text entry to freehand gesture interfaces.},
  url = {http://dblp.uni-trier.de/db/conf/chi/chi2011.html#NiBN11},
  year = 2011
}

@inproceedings{sp202-schick,
  author    = {Alexander Schick and
               Daniel Morlock and
               Christoph Amma and
               Tanja Schultz and
               Rainer Stiefelhagen},
  title     = {Vision-based handwriting recognition for unrestricted text
               input in mid-air},
  booktitle = {ICMI},
  year      = {2012},
  pages     = {217-220},
  ee        = {http://doi.acm.org/10.1145/2388676.2388719},
  crossref  = {DBLP:conf/icmi/2012},
  bibsource = {DBLP, http://dblp.uni-trier.de}
}

@inproceedings{01578696,
  author    = {Yang Liu and
               Xiabi Liu and
               Yunde Jia},
  title     = {Hand-Gesture Based Text Input for Wearable Computers},
  booktitle = {ICVS},
  year      = {2006},
  pages     = {8},
  ee        = {http://doi.ieeecomputersociety.org/10.1109/ICVS.2006.34},
  crossref  = {DBLP:conf/icvs/2006},
  bibsource = {DBLP, http://dblp.uni-trier.de}
}


@inproceedings{coskun2012APCHGestyboard,
  author = {Tayfur Coskun and Eva Artinger and Lorenzo Pirritano and Daniela Korhammer and Amal Benzina and Claudia Grill and Gudrun Klinker},
  title = {Gestyboard: A 10-finger-system and gesture based text input system for multi-touchscreens with no need for tactile feedback (Poster)},
  publisher = {SIGCHI - APCHI 2012},
  year = {2012},
}

@mastersthesis{barbanik.2014dipl,
    author    = {Barbariyskiy Nikolay},
    title     = {Mid-Air Text Entry Methods},
    school    = {Czech Technical University in Prague},
    year      = {2014},
    month     = {January}
}

@article{p231-shoemake,
  author  = {Garth Shoemaker and Leah Findlater and Jessica Q. Dawson and Kellogg S. Booth},
  title   = {Mid-Air Text Input Techniques for Very Large Wall Displays},
  journal = {Proceedings of Graphics Interface 2009},
  year    = {2009},
  pages   = {231--238}
}

@inproceedings{p9-murase,
 author = {Murase, Taichi and Moteki, Atsunori and Ozawa, Noriaki and Hara, Nobuyuki and Nakai, Takehiro and Fujimoto, Katsuhito},
 title = {Gesture Keyboard Requiring Only One Camera},
 booktitle = {Proceedings of the 24th Annual ACM Symposium Adjunct on User Interface Software and Technology},
 series = {UIST '11 Adjunct},
 year = {2011},
 isbn = {978-1-4503-1014-7},
 location = {Santa Barbara, California, USA},
 pages = {9--10},
 numpages = {2},
 url = {http://doi.acm.org/10.1145/2046396.2046402},
 doi = {10.1145/2046396.2046402},
 acmid = {2046402},
 publisher = {ACM},
 address = {New York, NY, USA},
 keywords = {gesture, keyboard, user interfaces},
} 

@ARTICLE{p28-baudel,
    author = {Thomas Baudel and Michel Beaudouin-Lafon},
    title = {CHARADE: Remote Control of Objects using FreeHand Gestures},
    journal = {Communications of the ACM},
    year = {1993},
    volume = {36},
    pages = {28--35}
}

@inproceedings{p2173-jones,
  author =	 {Eleanor Jones and Jason Alexander and Andreas
                  Andreou and Pourang Irani and Sriram Subramanian},
  title =	 {GesText: Accelerometer-Based Gestural Text-Entry
                  Systems},
  booktitle =	 {Proceedings of the 28th International Conference on
                  Human Factors in Computing Systems},
  series =	 {CHI '10},
  year =	 {2010},
  isbn =	 {978-1-60558-929-9},
  location =	 {Atlanta, Georgia, USA},
  pages =	 {2173--2182},
  numpages =	 {10},
  doi =		 {http://doi.acm.org/10.1145/1753326.1753655},
  acmid =	 {1753655},
  publisher =	 {ACM},
  address =	 {New York, NY, USA},
}

@inproceedings{tilttype,
 author = {Partridge, Kurt and Chatterjee, Saurav and Sazawal, Vibha and Borriello, Gaetano and Want, Roy},
 title = {TiltType: Accelerometer-supported Text Entry for Very Small Devices},
 booktitle = {Proceedings of the 15th Annual ACM Symposium on User Interface Software and Technology},
 series = {UIST '02},
 year = {2002},
 isbn = {1-58113-488-6},
 location = {Paris, France},
 pages = {201--204},
 numpages = {4},
 url = {http://doi.acm.org/10.1145/571985.572013},
 doi = {10.1145/571985.572013},
 acmid = {572013},
 publisher = {ACM},
 address = {New York, NY, USA},
 keywords = {accelerometer applications, input/output devices, interaction techniques, mobile devices, text entry, wearable computing, wristwatch computers},
} 


@article{p91-zhai,
  added-at = {2012-09-07T00:00:00.000+0200},
  author = {Zhai, Shumin and Kristensson, Per Ola},
  biburl = {http://www.bibsonomy.org/bibtex/20d6a08d4a1bf11acfc276373e4e35c97/dblp},
  ee = {http://doi.acm.org/10.1145/2330667.2330689},
  interhash = {82e84e7018d509c6175e313a8373421a},
  intrahash = {0d6a08d4a1bf11acfc276373e4e35c97},
  journal = {Commun. ACM},
  keywords = {dblp},
  number = 9,
  pages = {91-101},
  timestamp = {2012-09-07T00:00:00.000+0200},
  title = {The word-gesture keyboard: reimagining keyboard interaction.},
  url = {http://dblp.uni-trier.de/db/journals/cacm/cacm55.html#ZhaiK12},
  volume = 55,
  year = 2012
}

@article{1264.full,
  AUTHOR = {Flanders, M and Soechting, J F},
  TITLE = {Kinematics of typing: parallel control of the two hands.},
  JOURNAL = {J Neurophysiol},
  VOLUME = {67},
  YEAR = {1992},
  NUMBER = {5},
  PAGES = {1264-74},
  URL = {http://www.biomedsearch.com/nih/Kinematics-typing-parallel-control-two/1597711.html},
  PubMedID = {1597711},
  ISSN = {0022-3077}
}

@article{00017378,
  added-at = {2013-06-26T00:00:00.000+0200},
  author = {Gopher, Daniel and Raij, David},
  biburl = {http://www.bibsonomy.org/bibtex/22dceff416a6ac8a6ac8c7d53cd94f5af/dblp},
  ee = {http://dx.doi.org/10.1109/21.17378},
  interhash = {a47a9de3640d824ce1933b6b5a17c986},
  intrahash = {2dceff416a6ac8a6ac8c7d53cd94f5af},
  journal = {IEEE Transactions on Systems, Man, and Cybernetics},
  keywords = {dblp},
  number = 4,
  pages = {601-609},
  timestamp = {2013-06-26T00:00:00.000+0200},
  title = {Typing with a two-hand chord keyboard: will the QWERTY become obsolete?},
  url = {http://dblp.uni-trier.de/db/journals/tsmc/tsmc18.html#GopherR88},
  volume = 18,
  year = 1988
}

@article{1596.full,
    author    = {Andrew M. Gordon, Antonio Casabona, And John F. Soechting},
    title     = {The Learning of Novel Finger Movement Sequences},
    journal   = {Journal of Neurophysiology},
    volume    = {72},
    number    = {4},
    pages     = {1596-1610},
    year      = {1994}
}

@article{ayres2005120,
  title={120 WPM for very skilled typist},
  author={Ayres, R and Martinas, K},
  journal={On the Reappraisal of Microeconomics: Economic Growth and Change in a Material World},
  pages={41},
  year={2005}
}
